@article{belaj2022social,
  title     = {Social Impact of Wine Marketing. The Challenge of Digital Technologies to Regulation},
  author    = {Belaj, Melanija},
  journal   = {Etnoloska Tribina},
  volume    = {52},
  number    = {45},
  pages     = {268--270},
  year      = {2022},
  publisher = {Hrvatsko Etnolosko Drustvo}
}

@article{gutierrez2021wine,
  title     = {Wine polyphenol content and its influence on wine quality and properties: A review},
  author    = {Guti{\'e}rrez-Escobar, Roc{\'\i}o and Alia{\~n}o-Gonz{\'a}lez, Mar{\'\i}a Jos{\'e} and Cantos-Villar, Emma},
  journal   = {Molecules},
  volume    = {26},
  number    = {3},
  pages     = {718},
  year      = {2021},
  publisher = {MDPI}
}